<?xml version="1.0" encoding="UTF-8"?><collection xmlns="http://www.loc.gov/MARC21/slim"><record><leader>00589nam--2200181-i-4500</leader><controlfield tag="001">000037532</controlfield><controlfield tag="002">20161230</controlfield><controlfield tag="005">20161230201041</controlfield><controlfield tag="008">060222s1000------------r-----000-0-fre-d</controlfield><datafield ind1=" " ind2=" " tag="040"><subfield code="a">IFIN-HH</subfield></datafield><datafield ind1=" " ind2=" " tag="041"><subfield code="a">fre</subfield></datafield><datafield ind1=" " ind2=" " tag="080"><subfield code="a">539.164</subfield></datafield><datafield ind1="1" ind2=" " tag="100"><subfield code="a">Quebert, Jean</subfield></datafield><datafield ind1="1" ind2="0" tag="245"><subfield code="a">Effets de spins et parites des reconances de 12c sur le mecanisme d`emission de trois particules alpha dans la reaction 11b (p,3 alpha)</subfield><subfield code="b">These</subfield><subfield code="c">Jean quebert</subfield></datafield><datafield ind1=" " ind2=" " tag="260"><subfield code="a">Bordeaux</subfield><subfield code="b">Faculte Des Sciences De L`Universite De Bordeaux</subfield><subfield code="c">1968</subfield></datafield><datafield ind1=" " ind2=" " tag="300"><subfield code="a">97P</subfield></datafield><datafield ind1=" " ind2=" " tag="852"><subfield code="a">33561</subfield><subfield code="c">539.16</subfield></datafield><datafield ind1=" " ind2=" " tag="CAT"><subfield code="a">Sys</subfield><subfield code="c">20120515</subfield><subfield code="h">092957</subfield></datafield></record></collection>